@inproceedings{Murphy:2009:AST:1572272.1572295,
 author = {Murphy, Christian and Shen, Kuang and Kaiser, Gail},
 title = {Automatic System Testing of Programs Without Test Oracles},
 booktitle = {Proceedings of the Eighteenth International Symposium on Software Testing and Analysis},
 series = {ISSTA '09},
 year = {2009},
 isbn = {978-1-60558-338-9},
 location = {Chicago, IL, USA},
 pages = {189--200},
 numpages = {12},
 url = {http://doi.acm.org/10.1145/1572272.1572295},
 doi = {10.1145/1572272.1572295},
 acmid = {1572295},
 publisher = {ACM},
 address = {New York, NY, USA},
 keywords = {metamorphic testing, oracle problem, software testing},
}
@ARTICLE{7422146, 
author={S. Segura and G. Fraser and A. B. Sanchez and A. Ruiz-Cort√©s}, 
journal={IEEE Transactions on Software Engineering}, 
title={A Survey on Metamorphic Testing}, 
year={2016}, 
volume={42}, 
number={9}, 
pages={805-824}, 
keywords={program testing;metamorphic relations;metamorphic testing;test execution;test oracle;Concrete;Distance measurement;Google;Libraries;Search engines;Testing;Web services;Metamorphic testing;oracle problem;survey}, 
doi={10.1109/TSE.2016.2532875}, 
ISSN={0098-5589}, 
month={Sept},}